#inbook{spurensuche, # needs chapter, which is unknown
@misc{spurensuche,
author = {Heuschkel, Marie and Becker, Sven and Jeraufke, Saskia and Lucas, Christina and Mohaupt, Marleen and Labudde, Dirk and Kirsten, Toralf and Großkopf, Birgit},
title = {Zur Spurensuche an menschlichen Skeletten},
nochapter = {~},
pages = {127--136},
publisher = {Humboldt-Universität zu Berlin},
year = {2021},
doi = {http://dx.doi.org/10.18452/22415}
}

@inproceedings{anthroworks3d,
  title={AnthroWorks3D: Digitalisierung von Skelettfundst{\"u}cken und die virtuell osteologische Untersuchung},
  author={Fritzsch, Hanjo Tim and Schmiedel, Fabian and Heuschkel, Marie and Mohaupt, Marleen and Labudde, Dirk and Kirsten, Toralf and Grosskopf, Birgit and Flux, Anna Lena and Meier, Stefanie and van der Burgt, Patricia},
  booktitle={26. Interdisziplin{\"a}re Wissenschaftliche Konferenz Mittweida},
  number={002},
  pages={237--240},
  year={2021},
  organization={Hochschule Mittweida}
}

@article{ols,
  title={A new Ontology Lookup Service at {EMBL-EBI}},
  author={Jupp, Simon and Burdett, Tony and Leroy, Catherine and Parkinson, Helen E},
  journal={SWAT4LS},
  volume={2},
  pages={118--119},
  year={2015}
}

@misc{digitalisierung,
  title={Digitalisierung anthropologischer Skelettfundst{\"u}cke und deren Untersuchung: Methoden und Werkzeuge der Spieleentwicklung im Anwendungsfeld der forensischen und arch{\"a}ologischen Anthropologie},
  author={Fritzsch, Hanjo Tim and Schmiedel, Fabian},
  year={2020}
}
